@article{pmid10613481,
  author  = {Togashi, K.  and Konishi, F.  and Ishizuka, T.  and Sato, T.  and Senba, S.  and Kanazawa, K. },
  title   = {{{E}fficacy of magnifying endoscopy in the differential diagnosis of neoplastic and non-neoplastic polyps of the large bowel}},
  journal = {Dis Colon Rectum},
  year    = {1999},
  volume  = {42},
  number  = {12},
  pages   = {1602--1608},
  month   = {Dec}
}