% 15578301 
@article{pmid15578301,
  author  = {Machida, H.  and Sano, Y.  and Hamamoto, Y.  and Muto, M.  and Kozu, T.  and Tajiri, H.  and Yoshida, S. },
  title   = {{{N}arrow-band imaging in the diagnosis of colorectal mucosal lesions: a pilot study}},
  journal = {Endoscopy},
  year    = {2004},
  volume  = {36},
  number  = {12},
  pages   = {1094--1098},
  month   = {Dec}
}
