% 20628363 
@article{pmid20628363,
  author  = {Aminalai, A.  and Rösch, T.  and Aschenbeck, J.  and Mayr, M.  and Drossel, R.  and Schröder, A.  and Scheel, M.  and Treytnar, D.  and Gauger, U.  and Stange, G.  and Simon, F.  and Adler, A. },
  title   = {{{L}ive image processing does not increase adenoma detection rate during colonoscopy: a randomized comparison between {F}{I}{C}{E} and conventional imaging ({B}erlin {C}olonoscopy {P}roject 5, {B}{E}{C}{O}{P}-5)}},
  journal = {Am J Gastroenterol},
  year    = {2010},
  volume  = {105},
  number  = {11},
  pages   = {2383--2388},
  month   = {Nov}
}
