% 24373002 
@article{pmid24373002,
  author  = {Osawa, H.  and Yamamoto, H. },
  title   = {{{P}resent and future status of flexible spectral imaging color enhancement and blue laser imaging technology}},
  journal = {Dig Endosc},
  year    = {2014},
  volume  = {26 Suppl 1},
  pages   = {105--115},
  month   = {Jan}
}
