% 26668791 
@article{pmid26668791,
  author  = {Jang, J. Y. },
  title   = {{{T}he {P}ast, {P}resent, and {F}uture of {I}mage-{E}nhanced {E}ndoscopy}},
  journal = {Clin Endosc},
  year    = {2015},
  volume  = {48},
  number  = {6},
  pages   = {466--475},
  month   = {Nov}
}
