% 26770267 
@article{pmid26770267,
  author  = {Togashi, K.  and Nemoto, D.  and Utano, K.  and Isohata, N.  and Kumamoto, K.  and Endo, S.  and Lefor, A. K. },
  title   = {{{B}lue laser imaging endoscopy system for the early detection and characterization of colorectal lesions: a guide for the endoscopist}},
  journal = {Therap Adv Gastroenterol},
  year    = {2016},
  volume  = {9},
  number  = {1},
  pages   = {50--56},
  month   = {Jan}
}
