% 29539651 
@article{pmid29539651,
  author  = {Paggi, S.  and Mogavero, G.  and Amato, A.  and Rondonotti, E.  and Andrealli, A.  and Imperiali, G.  and Lenoci, N.  and Mandelli, G.  and Terreni, N.  and Conforti, F. S.  and Conte, D.  and Spinzi, G.  and Radaelli, F. },
  title   = {{{L}inked color imaging reduces the miss rate of neoplastic lesions in the right colon: a randomized tandem colonoscopy study}},
  journal = {Endoscopy},
  year    = {2018},
  volume  = {50},
  number  = {4},
  pages   = {396--402},
  month   = {04}
}
