% 30291440 
@article{pmid30291440,
  author  = {Fukuda, H.  and Miura, Y.  and Osawa, H.  and Takezawa, T.  and Ino, Y.  and Okada, M.  and Khurelbaatar, T.  and Lefor, A. K.  and Yamamoto, H. },
  title   = {{{L}inked color imaging can enhance recognition of early gastric cancer by high color contrast to surrounding gastric intestinal metaplasia}},
  journal = {J Gastroenterol},
  year    = {2019},
  volume  = {54},
  number  = {5},
  pages   = {396--406},
  month   = {May}
}
