% 31700545 
@article{pmid31700545,
  author  = {Shinozaki, S.  and Osawa, H.  and Hayashi, Y.  and Lefor, A. K.  and Yamamoto, H. },
  title   = {{{L}inked color imaging for the detection of early gastrointestinal neoplasms}},
  journal = {Therap Adv Gastroenterol},
  year    = {2019},
  volume  = {12},
  pages   = {1756284819885246}
}
