% 5109748 
@article{pmid5109748,
  author  = {Wolff, W. I.  and Shinya, H. },
  title   = {{{C}olonofiberoscopy}},
  journal = {JAMA},
  year    = {1971},
  volume  = {217},
  number  = {11},
  pages   = {1509--1512},
  month   = {Sep}
}
