@misc{barakat2021stochastic,
  title         = {Stochastic optimization with momentum: convergence, fluctuations, and traps avoidance},
  author        = {A. Barakat and P. Bianchi and W. Hachem and Sh. Schechtman},
  year          = {2021},
  eprint        = {2012.04002},
  archiveprefix = {arXiv},
  primaryclass  = {math.OC}
}