@misc{choi2020stargan,
  title         = {StarGAN v2: Diverse Image Synthesis for Multiple Domains},
  author        = {Yunjey Choi and Youngjung Uh and Jaejun Yoo and Jung-Woo Ha},
  year          = {2020},
  eprint        = {1912.01865},
  archiveprefix = {arXiv},
  primaryclass  = {cs.CV}
}