@article{article,
author = {Meng, Zhenzhu and Hu, Yating and Ancey, Christophe},
year = {2020},
month = {02},
pages = {},
title = {Using a Data Driven Approach to Predict Waves Generated by Gravity Driven Mass Flows},
volume = {12},
journal = {Water},
doi = {10.3390/w12020600}
}