@article{parmar2021cleanfid,
  title   = {On Buggy Resizing Libraries and Surprising Subtleties in FID Calculation},
  author  = {Parmar, Gaurav and Zhang, Richard and Zhu, Jun-Yan},
  journal = {arXiv preprint arXiv:2104.11222},
  year    = {2021}
}