@online{CS230,
  author = {Afshine Amidi, Shervine Amidi},
  title  = {Convolutional Neural Networks cheatsheet},
  url    = {https://stanford.edu/~shervine/teaching/cs-230/cheatsheet-convolutional-neural-networks}
}
@misc{slides_on_cs231n,
  author       = {Geoff Hinton},
  title        = {Convolutional Neural Networks for Visual Recognition, Stanford},
  howpublished = {Lecture Slide},
  year         = {2014},
  note         = {Accessed: {2021â€“5-05}}
}