@online{mnistsvhntransfer,
  author = {Afshine Amidi, Shervine Amidi},
  title  = {ModelZoo},
  url    = {https://modelzoo.co/model/mnist-svhn-transfer}
}