@article{DBLP:journals/corr/abs-1711-09020,
  author        = {Yunjey Choi and
               Min{-}Je Choi and
               Munyoung Kim and
               Jung{-}Woo Ha and
               Sunghun Kim and
               Jaegul Choo},
  title         = {StarGAN: Unified Generative Adversarial Networks for Multi-Domain
               Image-to-Image Translation},
  journal       = {CoRR},
  volume        = {abs/1711.09020},
  year          = {2017},
  url           = {http://arxiv.org/abs/1711.09020},
  archiveprefix = {arXiv},
  eprint        = {1711.09020},
  timestamp     = {Mon, 13 Aug 2018 16:49:17 +0200},
  biburl        = {https://dblp.org/rec/journals/corr/abs-1711-09020.bib},
  bibsource     = {dblp computer science bibliography, https://dblp.org}
}