@article{duchi2011adaptive,
  added-at  = {2017-12-30T09:55:39.000+0100},
  author    = {Duchi, John and Hazan, Elad and Singer, Yoram},
  biburl    = {https://www.bibsonomy.org/bibtex/2f548fa2a3cb4881b968ec3a06dd8c49c/leerooy},
  interhash = {d2bb1dcfcc9549a93e0b1f0dd8d23cf9},
  intrahash = {f548fa2a3cb4881b968ec3a06dd8c49c},
  journal   = {Journal of Machine Learning Research},
  keywords  = {},
  number    = {Jul},
  pages     = {2121--2159},
  timestamp = {2017-12-30T09:55:39.000+0100},
  title     = {Adaptive subgradient methods for online learning and stochastic optimization},
  volume    = 12,
  year      = 2011
}