@article{DBLP:journals/corr/DengLT17,
  author        = {Yubin Deng and
               Chen Change Loy and
               Xiaoou Tang},
  title         = {Aesthetic-Driven Image Enhancement by Adversarial Learning},
  journal       = {CoRR},
  volume        = {abs/1707.05251},
  year          = {2017},
  url           = {http://arxiv.org/abs/1707.05251},
  archiveprefix = {arXiv},
  eprint        = {1707.05251},
  timestamp     = {Mon, 13 Aug 2018 16:49:03 +0200},
  biburl        = {https://dblp.org/rec/journals/corr/DengLT17.bib},
  bibsource     = {dblp computer science bibliography, https://dblp.org}
}