@article{DBLP:journals/corr/HeuselRUNKH17,
  author        = {Martin Heusel and
               Hubert Ramsauer and
               Thomas Unterthiner and
               Bernhard Nessler and
               G{\"{u}}nter Klambauer and
               Sepp Hochreiter},
  title         = {GANs Trained by a Two Time-Scale Update Rule Converge to a Nash Equilibrium},
  journal       = {CoRR},
  volume        = {abs/1706.08500},
  year          = {2017},
  url           = {http://arxiv.org/abs/1706.08500},
  archiveprefix = {arXiv},
  eprint        = {1706.08500},
  timestamp     = {Sat, 23 Jan 2021 01:20:58 +0100},
  biburl        = {https://dblp.org/rec/journals/corr/HeuselRUNKH17.bib},
  bibsource     = {dblp computer science bibliography, https://dblp.org}
}