@online{fujifilm,
  title = {7000 System | Fujifilm [Singapore]},
  url   = {https://www.fujifilm.com/sg/en/healthcare/endoscopy/endoscopy-processors/7000system}
}