@article{DBLP:journals/corr/SzegedyLJSRAEVR14,
  author        = {Christian Szegedy and
               Wei Liu and
               Yangqing Jia and
               Pierre Sermanet and
               Scott E. Reed and
               Dragomir Anguelov and
               Dumitru Erhan and
               Vincent Vanhoucke and
               Andrew Rabinovich},
  title         = {Going Deeper with Convolutions},
  journal       = {CoRR},
  volume        = {abs/1409.4842},
  year          = {2014},
  url           = {http://arxiv.org/abs/1409.4842},
  archiveprefix = {arXiv},
  eprint        = {1409.4842},
  timestamp     = {Mon, 13 Aug 2018 16:48:52 +0200},
  biburl        = {https://dblp.org/rec/journals/corr/SzegedyLJSRAEVR14.bib},
  bibsource     = {dblp computer science bibliography, https://dblp.org}
}