@misc{he2015deep,
  title         = {Deep Residual Learning for Image Recognition},
  author        = {Kaiming He and Xiangyu Zhang and Shaoqing Ren and Jian Sun},
  year          = {2015},
  eprint        = {1512.03385},
  archiveprefix = {arXiv},
  primaryclass  = {cs.CV}
}