@article{DBLP:journals/corr/UlyanovVL16,
  author        = {Dmitry Ulyanov and
               Andrea Vedaldi and
               Victor S. Lempitsky},
  title         = {Instance Normalization: The Missing Ingredient for Fast Stylization},
  journal       = {CoRR},
  volume        = {abs/1607.08022},
  year          = {2016},
  url           = {http://arxiv.org/abs/1607.08022},
  archiveprefix = {arXiv},
  eprint        = {1607.08022},
  timestamp     = {Mon, 13 Aug 2018 16:47:58 +0200},
  biburl        = {https://dblp.org/rec/journals/corr/UlyanovVL16.bib},
  bibsource     = {dblp computer science bibliography, https://dblp.org}
}