@article{pix2pix2017,
  title   = {Image-to-Image Translation with Conditional Adversarial Networks},
  author  = {Isola, Phillip and Zhu, Jun-Yan and Zhou, Tinghui and Efros, Alexei A},
  journal = {CVPR},
  year    = {2017}
}