@article{s0038401113808,
  author  = {Yoshida, Naohisa and Naito, Yuji and Inada, Yutaka and Kugai, Munehiro and Inoue, Ken and Uchiyama, Kazuhiko and Handa, Osamu and Takagi, Tomohisa and Konishi, Hideyuki and Yagi, Nobuaki and Morimoto, Yasutaka and Wakabayashi, Naoki and Yanagisawa, Akio and Yoshikawa, Toshikazu},
  year    = {2011},
  month   = {12},
  pages   = {605-11},
  title   = {The detection of surface patterns by flexible spectral imaging color enhancement without magnification for diagnosis of colorectal polyps},
  volume  = {27},
  journal = {International journal of colorectal disease},
  doi     = {10.1007/s00384-011-1380-8}
}