@article{DBLP:journals/corr/abs-1912-01865,
  author    = {Yunjey Choi and
               Youngjung Uh and
               Jaejun Yoo and
               Jung{-}Woo Ha},
  title     = {StarGAN v2: Diverse Image Synthesis for Multiple Domains},
  journal   = {CoRR},
  volume    = {abs/1912.01865},
  year      = {2019},
  url       = {http://arxiv.org/abs/1912.01865},
  archivePrefix = {arXiv},
  eprint    = {1912.01865},
  timestamp = {Thu, 02 Jan 2020 18:08:18 +0100},
  biburl    = {https://dblp.org/rec/journals/corr/abs-1912-01865.bib},
  bibsource = {dblp computer science bibliography, https://dblp.org}
}