@article{DBLP:journals/corr/abs-1801-04406,
  author        = {Lars M. Mescheder},
  title         = {On the convergence properties of {GAN} training},
  journal       = {CoRR},
  volume        = {abs/1801.04406},
  year          = {2018},
  url           = {http://arxiv.org/abs/1801.04406},
  archiveprefix = {arXiv},
  eprint        = {1801.04406},
  timestamp     = {Mon, 13 Aug 2018 16:46:00 +0200},
  biburl        = {https://dblp.org/rec/journals/corr/abs-1801-04406.bib},
  bibsource     = {dblp computer science bibliography, https://dblp.org}
}